<?xml version="1.0" encoding="UTF-8"?><record xmlns="http://www.loc.gov/MARC21/slim" xmlns:cinclude="http://apache.org/cocoon/include/1.0" xmlns:zs="http://www.loc.gov/zing/srw/">
  <leader>00680nz  a2200169n  4500</leader>
  <controlfield tag="001">no2007094272</controlfield>
  <controlfield tag="003">DLC</controlfield>
  <controlfield tag="005">20070818075221.0</controlfield>
  <controlfield tag="008">061016n| acannaabn          |a aaa     c</controlfield>
  <datafield tag="010" ind1=" " ind2=" ">
    <subfield code="a">no2007094272</subfield>
  </datafield>
  <datafield tag="035" ind1=" " ind2=" ">
    <subfield code="a">(OCoLC)oca07495747</subfield>
  </datafield>
  <datafield tag="040" ind1=" " ind2=" ">
    <subfield code="a">OrPS</subfield>
    <subfield code="b">eng</subfield>
    <subfield code="c">OrPS</subfield>
  </datafield>
  <datafield tag="100" ind1="1" ind2=" ">
    <subfield code="a">Wild, Thomas Cameron,</subfield>
    <subfield code="d">1962-</subfield>
  </datafield>
  <datafield tag="400" ind1="1" ind2=" ">
    <subfield code="a">Wild, Cameron</subfield>
  </datafield>
  <datafield tag="670" ind1=" " ind2=" ">
    <subfield code="a">Injection drug use in Edmonton's inner city, c2003:</subfield>
    <subfield code="b">t.p. (T. Cameron Wild)</subfield>
  </datafield>
  <datafield tag="670" ind1=" " ind2=" ">
    <subfield code="a">OCLC, Oct. 16, 2006</subfield>
    <subfield code="b">(hdgs.: Wild, Thomas Cameron, 1962-; Wild, Thomas Cameron; Wild, Cameron;  usages: Cameron Wild; T.C. Wild; T. Cameron Wild; Thomas Cameron Wild)</subfield>
  </datafield>
  <datafield tag="670" ind1=" " ind2=" ">
    <subfield code="a">OCLC, Oct. 16, 2006</subfield>
    <subfield code="b">(hdg. on NLC bib.: Wild, Thomas Cameron, 1962-)</subfield>
  </datafield>
</record>